
@misc{_25.pdf_????,
	title = {25.pdf}
},


@article{arkin2000approximation,
  title={Approximation algorithms for lawn mowing and milling},
  author={Arkin, Esther M and Fekete, S{\'a}ndor P and Mitchell, Joseph SB},
  journal={Computational Geometry},
  volume={17},
  number={1-2},
  pages={25--50},
  year={2000},
  publisher={Elsevier}
},

@article{galceran2013survey,
  title={A survey on coverage path planning for robotics},
  author={Galceran, Enric and Carreras, Marc},
  journal={Robotics and Autonomous systems},
  volume={61},
  number={12},
  pages={1258--1276},
  year={2013},
  publisher={Elsevier}
},

@article{gabriely2003competitive,
  title={Competitive on-line coverage of grid environments by a mobile robot},
  author={Gabriely, Yoav and Rimon, Elon},
  journal={Computational Geometry},
  volume={24},
  number={3},
  pages={197--224},
  year={2003},
  publisher={Elsevier}
},

@inproceedings{grigni1995topological,
  title={Topological inference},
  author={Grigni, Michelangelo and Papadias, Dimitris and Papadimitriou, Christos},
  booktitle={IJCAI (1)},
  pages={901--907},
  year={1995},
  organization={Citeseer}
},

@article{papadimitriou1977euclidean,
  title={The Euclidean travelling salesman problem is NP-complete},
  author={Papadimitriou, Christos H},
  journal={Theoretical computer science},
  volume={4},
  number={3},
  pages={237--244},
  year={1977},
  publisher={Elsevier}
}, 

@article{gabriely2001spanning,
  title={Spanning-tree based coverage of continuous areas by a mobile robot},
  author={Gabriely, Yoav and Rimon, Elon},
  journal={Annals of mathematics and artificial intelligence},
  volume={31},
  number={1-4},
  pages={77--98},
  year={2001},
  publisher={Springer}
}, 

@article{agmon2008giving,
  title={The giving tree: constructing trees for efficient offline and online multi-robot coverage},
  author={Agmon, Noa and Hazon, Noam and Kaminka, Gal A and MAVERICK Group and others},
  journal={Annals of Mathematics and Artificial Intelligence},
  volume={52},
  number={2-4},
  pages={143--168},
  year={2008},
  publisher={Springer}
},

@inproceedings{de2005blind,
  title={Blind Swarms for Coverage in 2-D.},
  author={De Silva, Vin and Ghrist, Robert and Muhammad, Abubakr},
  booktitle={Robotics: Science and Systems},
  pages={335--342},
  year={2005}
},

@inproceedings{yehoshua2013robotic,
  title={Robotic adversarial coverage: Introduction and preliminary results},
  author={Yehoshua, Roi and Agmon, Noa and Kaminka, Gal A},
  booktitle={Proceedings of IEEE/RSJ International Conference on Intelligent Robots and Systems (IROS) },
  pages={6000--6005},
  year={2013},
  organization={IEEE}
},

@inproceedings{yehoshua2016multi,
  title={Multi-Robot Adversarial Coverage.},
  author={Yehoshua, Roi and Agmon, Noa},
  booktitle={Proceedings of European Conference on Artificial Intelligence (ECAI)},
  pages={1493--1501},
  year={2016}
},

@inproceedings{yehoshua2015online,
  title={Online robotic adversarial coverage},
  author={Yehoshua, Roi and Agmon, Noa},
  booktitle={Proceedings of 2015 IEEE/RSJ International Conference on Intelligent Robots and Systems (IROS)},
  pages={3830--3835},
  year={2015},
  organization={IEEE}
},

@inproceedings{guo2004towards,
  title={Towards collaborative robots for infrastructure security applications},
  author={Guo, Yi and Parker, Lynne E and Madhavan, Raj},
  booktitle={Proceedings of 2004 International Symposium on Collaborative Technologies and Systems},
  pages={235--240},
  year={2004}
},

@inproceedings{guo2004coverage,
  title={Coverage control for a mobile robot patrolling a dynamic and uncertain environment},
  author={Guo, Yi and Qu, Zhihua},
  booktitle={Proceedings of Fifth World Congress on Intelligent Control and Automation (WCICA) },
  volume={6},
  pages={4899--4903},
  year={2004},
  organization={IEEE}
},

@article{jung2002tracking,
  title={Tracking targets using multiple robots: The effect of environment occlusion},
  author={Jung, Boyoon and Sukhatme, Gaurav S},
  journal={Autonomous robots},
  volume={13},
  number={3},
  pages={191--205},
  year={2002},
  publisher={Springer}
},

@inproceedings{chevaleyre2004theoretical,
  title={Theoretical analysis of the multi-agent patrolling problem},
  author={Chevaleyre, Yann},
  booktitle={Proceedings of IEEE/WIC/ACM International Conference on Intelligent Agent Technology (IAT) },
  pages={302--308},
  year={2004},
  organization={IEEE}
}

@inproceedings{yehoshua2014safest,
  title={Safest path adversarial coverage},
  author={Yehoshua, Roi and Agmon, Noa and Kaminka, Gal A},
  booktitle={Proceedings of IEEE/RSJ International Conference on Intelligent Robots and Systems (IROS)},
  pages={3027--3032},
  year={2014},
  organization={IEEE}
}

@article{yang2004neural,
  title={A neural network approach to complete coverage path planning},
  author={Yang, Simon X and Luo, Chaomin},
  journal={IEEE Transactions on Systems, Man, and Cybernetics, Part B (Cybernetics)},
  volume={34},
  number={1},
  pages={718--724},
  year={2004},
  publisher={IEEE}
}

@incollection{winfield2009foraging,
  title={Foraging robots},
  author={Winfield, Alan FT},
  booktitle={Encyclopedia of complexity and systems science},
  pages={3682--3700},
  year={2009},
  publisher={Springer}
}

@article{agmon2011multi,
  title={Multi-robot adversarial patrolling: facing a full-knowledge opponent},
  author={Agmon, Noa and Kaminka, Gal A and Kraus, Sarit},
  journal={Journal of Artificial Intelligence Research},
  volume={42},
  pages={887--916},
  year={2011}
}

@inproceedings{sless2014multi,
  title={Multi-robot adversarial patrolling: facing coordinated attacks},
  author={Sless, Efrat and Agmon, Noa and Kraus, Sarit},
  booktitle={Proceedings of the 2014 international conference on Autonomous agents and multi-agent systems},
  pages={1093--1100},
  year={2014},
  organization={International Foundation for Autonomous Agents and Multiagent Systems}
}

@inproceedings{agmon2008multi,
  title={Multi-robot perimeter patrol in adversarial settings},
  author={Agmon, Noa and Kraus, Sarit and Kaminka, Gal A},
  booktitle={Proceedings of the IEEE International Conference on Robotics and Automation (ICRA). },
  pages={2339--2345},
  year={2008},
  organization={IEEE}
}



